@ARTICLE{Subu:2015,
   author = {V S R Veeravasarapu and Rudra Narayan Hota and Constantin Rothkopf and Ramesh Visvanathan},
   title = {Model Validation for Vision Systems via Graphics Simulation},
   journal = {arXiv},
   volume = {preprint},
   pages = {1-15},
   year = {2015}
}

@ARTICLE{Berenstein:2010,
   author = {Ron Berenstein and Ohad Ben Shahar and Amir Shapiro and Yael Edan},
   title = {Grape clusters and foliage detection algorithms
for autonomous selective vineyard sprayer},
   journal = {Intel Serv Robotics},
   volume = {3},
   pages = {233-243},
   year = {2010}
}

@incollection{Hamme:2008,
  author      = {David Van Hamme and Peter Veelaert and Wilfried Philips and Kristof Teelen and
Niels Stevens and Bart Vermeersch},
  title       = {Foliage Recognition Based on Local Edge
Information},
  editor      = {J. Blanc-Talon et al.},
  booktitle   = {Advanced Concepts for Intelligent Vision Systems},
  publisher   = {Springer Verlag},
  address     = {Berlin Heidelberg},
  year        = {2008},
  pages       = {838-849},
}

@InProceedings{Kumar:2012,
author = {Neeraj Kumar and Peter N. Belhumeur and Arijit Biswas and David W. Jacobs and W. John Kress and Ida Lopez and Jo√£o V. B. Soares},
title = {Leafsnap: A Computer Vision System for Automatic Plant Species Identification},
booktitle = {The 12th European Conference on Computer Vision (ECCV)},
month = {October},
year = {2012}
} 
